% Encoding: UTF-8

@article{uBCRT,
	author         = "Adams, C. and others",
	title          = "{Design and construction of the MicroBooNE Cosmic Ray
	Tagger system}",
	collaboration  = "MicroBooNE",
	journal        = "JINST",
	volume         = "14",
	year           = "2019",
	number         = "04",
	pages          = "P04004",
	doi            = "10.1088/1748-0221/14/04/P04004",
	eprint         = "1901.02862",
	archivePrefix  = "arXiv",
	primaryClass   = "physics.ins-det",
	reportNumber   = "FERMILAB-PUB-18-678-ND",
	SLACcitation   = "%%CITATION = ARXIV:1901.02862;%%"
}



@article{Damian,
	author         = "Goeldi, D.",
	title          = "{A Novel Liquid Argon Time Projection Chamber Detector: The ArgonCube Concept}",
	journal        = "JINST Thesis",
	volume         = "TH002",
	year           = "2018",
}

@article{CRT,
	author         = "Auger, M. and others",
	title          = "{A Novel Cosmic Ray Tagger System for Liquid Argon TPC
	Neutrino Detectors}",
	journal        = "Instruments",
	volume         = "1",
	year           = "2017",
	number         = "1",
	pages          = "2",
	doi            = "10.3390/instruments1010002",
	eprint         = "1612.04614",
	archivePrefix  = "arXiv",
	primaryClass   = "physics.ins-det",
	reportNumber   = "FERMILAB-PUB-16-663-CD",
	SLACcitation   = "%%CITATION = ARXIV:1612.04614;%%"
}

@article{Muon_Range,
	author         = "GROOM, D. E. and MOKHOV, N. V. and STRIGANOV, S.",
	title          = "{MUON STOPPING POWER AND RANGE TABLES 10 MeV-100 TeV}",
	journal        = "Atomic Data and Nuclear Data Tables",
	volume         = "76",
	number         = "2",
	month          = "July",
	year           = "2001",

}

@article{MINOS_NIM,
	author         = "Michael, D. G. and others",
	title          = "{The Magnetized steel and scintillator calorimeters of
	the MINOS experiment}",
	collaboration  = "MINOS",
	journal        = "Nucl. Instrum. Meth.",
	volume         = "A596",
	year           = "2008",
	pages          = "190-228",
	doi            = "10.1016/j.nima.2008.08.003",
	eprint         = "0805.3170",
	archivePrefix  = "arXiv",
	primaryClass   = "physics.ins-det",
	reportNumber   = "FERMILAB-PUB-08-126",
	SLACcitation   = "%%CITATION = ARXIV:0805.3170;%%"
}


@article{Abratenko:2017nki,
      author         = "Abratenko, P. and others",
      title          = "{Determination of muon momentum in the MicroBooNE LArTPC
                        using an improved model of multiple Coulomb scattering}",
      collaboration  = "MicroBooNE",
      journal        = "JINST",
      volume         = "12",
      year           = "2017",
      number         = "10",
      pages          = "P10010",
      doi            = "10.1088/1748-0221/12/10/P10010",
      eprint         = "1703.06187",
      archivePrefix  = "arXiv",
      primaryClass   = "physics.ins-det",
      reportNumber   = "FERMILAB-PUB-17-076-ND",
      SLACcitation   = "%%CITATION = ARXIV:1703.06187;%%"
}


@inproceedings{MINOSDetectors,
title = {Neutrino and antineutrino inclusive charged-current cross section measurements with the MINOS near detector},
author = {Adamson, P. and others},
collaboration = {MINOS Collaboration},
journal = {Phys. Rev. D},
volume = {81},
issue = {7},
pages = {072002},
numpages = {16},
year = {2010},
month = {Apr},
publisher = {American Physical Society},
doi = {10.1103/PhysRevD.81.072002},
url = {https://link.aps.org/doi/10.1103/PhysRevD.81.072002}
}


@ARTICLE{G10Breakdown,
	author={E. Tuncer and I. Sauers and D. R. James and A. R. Ellis},
	journal={IEEE Transactions on Applied Superconductivity},
	title={Electrical Insulation Characteristics of Glass Fiber Reinforced Resins},
	year={2009},
	volume={19},
	number={3},
	pages={2359-2362},
	keywords={cryogenics;dielectric properties;electric breakdown;epoxy insulation;glass fibre reinforced plastics;resins;electrical insulation;glass fiber reinforced resin;nonmetallic structural material;cryogenic power application;GFRP;glass fiber cloth;epoxy resin;dielectric property;cryogenic temperature;electrical apparatus;cryogenic application;dielectric breakdown strength;GFFR thickness;Dielectrics and electrical insulation;Glass;Cryogenics;Dielectric materials;Fiber reinforced plastics;Epoxy resins;Temperature;Testing;Nitrogen;Dielectric breakdown;Dielectric strength;fiber reinforced resin;G10;high voltage breakdown;impulse},
	doi={10.1109/TASC.2009.2018748},
	ISSN={1051-8223},
	month={June},}

@article{Rayleigh,
	author         = "Grace, Emily and Nikkel, James A.",
	title          = "{Index of refraction, Rayleigh scattering length, and
	Sellmeier coefficients in solid and liquid argon and
	xenon}",
	journal        = "Nucl. Instrum. Meth.",
	volume         = "A867",
	year           = "2017",
	pages          = "204-208",
	doi            = "10.1016/j.nima.2017.06.031",
	eprint         = "1502.04213",
	archivePrefix  = "arXiv",
	primaryClass   = "physics.ins-det",
	SLACcitation   = "%%CITATION = ARXIV:1502.04213;%%"
}

@article{geant4,
      author         = "Asai, M.",
      title          = "{Geant4-a simulation toolkit}",
      journal        = "Trans.Amer.Nucl.Soc.",
      volume         = "95",
      pages          = "757",
      year           = "2006",
      reportNumber   = "SLAC-REPRINT-2006-223",
}

@article{neut,
      author         = "Hayato, Yoshinari",
      title          = "{A neutrino interaction simulation program library NEUT}",
      journal        = "Acta Phys.Polon.",
      volume         = "B40",
      pages          = "2477-2489",
      year           = "2009",
}

@article{genie,
author = "C. Andreopoulos and others",
collaboration = "GENIE Collaboration",
year = "2015",
archivePrefix = "arXiv",
eprint        = "1510.05494",
primaryClass  = "hep-ex"
}

@article{genie-2015,
author = "C. Andreopoulos and others",
collaboration = "GENIE Collaboration",
year = "2015",
archivePrefix = "arXiv",
eprint = "1512.06882",
primaryClass  = "hep-ex"
}

@article{NuWro,
  title = {Effects of final-state interactions in neutrino-nucleus interactions},
  author = {Golan, Tomasz and Juszczak, Cezary and Sobczyk, Jan T.},
  journal = {Phys. Rev. C},
  volume = {86},
  issue = {1},
  pages = {015505},
  numpages = {13},
  year = {2012},
  month = {Jul},
  publisher = {American Physical Society},
  doi = {10.1103/PhysRevC.86.015505},
  url = {http://link.aps.org/doi/10.1103/PhysRevC.86.015505}
}

@ARTICLE{fluka1,
   author = {{B{\"o}hlen}, T.~T. and others},
    title = "{The FLUKA Code: Developments and Challenges for High Energy and Medical Applications}",
  journal = {Nuclear Data Sheets},
     year = 2014,
    month = jun,
   volume = 120,
    pages = {211-214},
      doi = {10.1016/j.nds.2014.07.049},
   adsurl = {http://adsabs.harvard.edu/abs/2014NDS...120..211B},
  adsnote = {Provided by the SAO/NASA Astrophysics Data System}
}
@book{fluka2,
      author        = "Ferrari, A and Sala, Paola R and Fassò, A and Ranft,
                       Johannes",
      title         = "{FLUKA: A multi-particle transport code}",
      publisher     = "CERN",
      address       = "Geneva",
      year          = "2005",
      url           = "https://cds.cern.ch/record/898301",
}

@article{bertini,
title = "The Geant4 Bertini Cascade ",
journal = "Nuclear Instruments and Methods in Physics Research Section A: Accelerators, Spectrometers, Detectors and Associated Equipment ",
volume = "804",
pages = "175 - 188",
year = "2015",
issn = "0168-9002",
doi = "10.1016/j.nima.2015.09.058",
url = "http://www.sciencedirect.com/science/article/pii/S0168900215011134",
author = "D.H. Wright and M.H. Kelsey",
keywords = "Hadronic physics models",
keywords = "Simulation",
keywords = "Geant4 "
}

@article{Brun:root,
authors = "R.~Brun and F.~Rademakers",
title = "{ROOT - An Object Oriented Data Analysis Framework}", 
journal = {Nucl. Inst. \& Meth. in Phys.\ Res.\ A},
volume = {389},
year = {1997}
}

@article{Mahn:2018mai,
      author         = "Mahn, Kendall and Marshall, Chris and Wilkinson, Callum",
      title          = "{Progress in measurements of 0.1-10 GeV neutrino-nucleus
                        scattering and anticipated results from future
                        experiments}",
      year           = "2018",
      eprint         = "1803.08848",
      archivePrefix  = "arXiv",
      primaryClass   = "hep-ex",
      SLACcitation   = "%%CITATION = ARXIV:1803.08848;%%"
}


@article{Katori:2016yel,
      author         = "Katori, Teppei and Martini, Marco",
      title          = "{Neutrino–nucleus cross sections for oscillation
                        experiments}",
      journal        = "J. Phys.",
      volume         = "G45",
      year           = "2018",
      number         = "1",
      pages          = "013001",
      doi            = "10.1088/1361-6471/aa8bf7",
      eprint         = "1611.07770",
      archivePrefix  = "arXiv",
      primaryClass   = "hep-ph",
      SLACcitation   = "%%CITATION = ARXIV:1611.07770;%%"
}

@article{Alvarez-Ruso:2014bla,
      author         = "Alvarez-Ruso, L. and Hayato, Y. and Nieves, J.",
      title          = "{Progress and open questions in the physics of neutrino
                        cross sections at intermediate energies}",
      journal        = "New J. Phys.",
      volume         = "16",
      year           = "2014",
      pages          = "075015",
      doi            = "10.1088/1367-2630/16/7/075015",
      eprint         = "1403.2673",
      archivePrefix  = "arXiv",
      primaryClass   = "hep-ph",
      SLACcitation   = "%%CITATION = ARXIV:1403.2673;%%"
}

@article{Garvey:2014exa,
      author         = "Garvey, G. T. and Harris, D. A. and Tanaka, H. A. and
                        Tayloe, R. and Zeller, G. P.",
      title          = "{Recent Advances and Open Questions in Neutrino-induced
                        Quasi-elastic Scattering and Single Photon Production}",
      journal        = "Phys. Rept.",
      volume         = "580",
      year           = "2015",
      pages          = "1-45",
      doi            = "10.1016/j.physrep.2015.04.001",
      eprint         = "1412.4294",
      archivePrefix  = "arXiv",
      primaryClass   = "hep-ex",
      reportNumber   = "INT-PUB-14-059, FERMILAB-CONF-14-484-E",
      SLACcitation   = "%%CITATION = ARXIV:1412.4294;%%"
}

@article{Alvarez-Ruso:2017oui,
      author         = "Alvarez-Ruso, L. and others",
      title          = "{NuSTEC White Paper: Status and Challenges of
                        Neutrino-Nucleus Scattering}",
      year           = "2017",
      eprint         = "1706.03621",
      archivePrefix  = "arXiv",
      primaryClass   = "hep-ph",
      reportNumber   = "FERMILAB-PUB-17-195-ND-T, INT-PUB-17-020",
      SLACcitation   = "%%CITATION = ARXIV:1706.03621;%%"
}


@article{Mosel:2016cwa,
      author         = "Mosel, Ulrich",
      title          = "{Neutrino Interactions with Nucleons and Nuclei:
                        Importance for Long-Baseline Experiments}",
      journal        = "Ann. Rev. Nucl. Part. Sci.",
      volume         = "66",
      year           = "2016",
      pages          = "171-195",
      doi            = "10.1146/annurev-nucl-102115-044720",
      eprint         = "1602.00696",
      archivePrefix  = "arXiv",
      primaryClass   = "nucl-th",
      SLACcitation   = "%%CITATION = ARXIV:1602.00696;%%"
}

@article{Abi:2017aow,
      author         = "Abi, B. and others",
      title          = "{The Single-Phase ProtoDUNE Technical Design Report}",
      collaboration  = "DUNE",
      year           = "2017",
      eprint         = "1706.07081",
      archivePrefix  = "arXiv",
      primaryClass   = "physics.ins-det",
      reportNumber   = "FERMILAB-DESIGN-2017-02",
      SLACcitation   = "%%CITATION = ARXIV:1706.07081;%%"
}

%% ProtoDUNE-DP apparently...
@article{Agostino:2014qoa,
      author         = "De Bonis, I. and others",
      title          = "{LBNO-DEMO: Large-scale neutrino detector demonstrators
                        for phased performance assessment in view of a
                        long-baseline oscillation experiment}",
      year           = "2014",
      eprint         = "1409.4405",
      archivePrefix  = "arXiv",
      primaryClass   = "physics.ins-det",
      reportNumber   = "CERN-SPSC-2014-013, SPSC-TDR-004",
      SLACcitation   = "%%CITATION = ARXIV:1409.4405;%%"
}


@article{Abe:2011ks,
      author         = "Abe, K. and others",
      title          = "{The T2K Experiment}",
      collaboration  = "T2K",
      journal        = "Nucl. Instrum. Meth.",
      volume         = "A659",
      year           = "2011",
      pages          = "106-135",
      doi            = "10.1016/j.nima.2011.06.067",
      eprint         = "1106.1238",
      archivePrefix  = "arXiv",
      primaryClass   = "physics.ins-det",
      SLACcitation   = "%%CITATION = ARXIV:1106.1238;%%"
}

@article{numi,
      author         = "Adamson, P. and others",
      title          = "{The NuMI Neutrino Beam}",
      journal        = "Nucl. Instrum. Meth.",
      volume         = "A806",
      year           = "2016",
      pages          = "279-306",
      doi            = "10.1016/j.nima.2015.08.063",
      eprint         = "1507.06690",
      archivePrefix  = "arXiv",
      primaryClass   = "physics.acc-ph",
      reportNumber   = "FERMILAB-PUB-15-253-AD-FESS-ND",
      SLACcitation   = "%%CITATION = ARXIV:1507.06690;%%"
}


@article{DUNE,
      author         = "Acciarri, R. and others",
      title          = "{Long-Baseline Neutrino Facility (LBNF) and Deep Underground Neutrino Experiment (DUNE) Conceptual Design Report Volume 1: The LBNF and DUNE Projects}",
      collaboration  = "DUNE",
      year           = "2016",
      eprint         = "1601.05471",
      archivePrefix  = "arXiv",
      primaryClass   = "physics.ins-det",
      reportNumber   = "FERMILAB-DESIGN-2016-01",
      SLACcitation   = "%%CITATION = ARXIV:1601.05471;%%"
}

@article{DUNE2,
	author         = "Acciarri, R. and others",
	title          = "{Long-Baseline Neutrino Facility (LBNF) and Deep Underground Neutrino Experiment (DUNE) Conceptual Design Report Volume 2: The Physics Program for DUNE at LBNF}",
	collaboration  = "DUNE",
	year           = "2016",
	eprint         = "1512.06148",
	archivePrefix  = "arXiv",
	primaryClass   = "physics.ins-det",
	reportNumber   = "FERMILAB-DESIGN-2016-02",
	SLACcitation   = "%%CITATION = ARXIV:1512.06148;%%"
}

@article{DUNE3,
	author         = "Strait, James and others",
	title          = "{Long-Baseline Neutrino Facility (LBNF) and Deep Underground Neutrino Experiment (DUNE) Conceptual Design Report Volume 3: Long-Baseline Neutrino Facility for DUNE}",
	collaboration  = "DUNE",
	year           = "2016",
	eprint         = "1601.05823",
	archivePrefix  = "arXiv",
	primaryClass   = "physics.ins-det",
	reportNumber   = "FERMILAB-DESIGN-2016-03",
	SLACcitation   = "%%CITATION = ARXIV:1601.05823;%%"
}

@TechReport{dune_dates,
	Title                    = {{Deep Underground Neutrino Experiment (DUNE) Addendum to Submission for the 2020 Update to the European Strategy for Particle Physics}},
	Author                   = {Abi, B. and others},
	Institution              = {DUNE},
	Year                     = {2018},
	Number                   = {11791},
	Type                     = {DUNE document},
	Timestamp                = {2018.12.13}
}

@TechReport{LAr_size,
	Title                    = {{Physics Impact of Shortening ArgonCube}},
	Author                   = {Marshall, C.},
	Institution              = {DUNE},
	Year                     = {2019},
	Number                   = {13133},
	Type                     = {DUNE document},
	Timestamp                = {2019.2.28}
}

@TechReport{dune_ndcsg,
	Title                    = {{Report from the DUNE Near Detector Concept Study Group}},
	Author                   = {M. Kordosky and K. B. Luk and S. Manly and A. Weber},
	Institution              = {DUNE},
	Year                     = {2018},
	Number                   = {8184v2},
	Type                     = {DUNE document},
	Timestamp                = {2018.07.02}
}

@TechReport{3dst,
	Title                    = {{Report on the 3D-projection Scintillator Tracker (3DST) as part of the DUNE Near Detector Concept Study}},
	Author                   = {S. Kettell and others},
	Institution              = {DUNE},
	Year                     = {2018},
	Number                   = {7686v2},
	Type                     = {DUNE document},
	Timestamp                = {2018.04.07}
}

@TechReport{LBL,
	Title                    = {{Long-baseline Sensitivity Analysis: Status and Results}},
	Author                   = {E. Worcester},
	Institution              = {DUNE},
	Year                     = {2019},
	Number                   = {14494},
	Type                     = {DUNE document},
	Timestamp                = {2019.06.01}
}

@TechReport{dune_opt_flux,
	Title                    = {{Long-Baseline Neutrino Facility (LBNF)/DUNE Conceptual Design Report}},
	Author                   = {P. Adamson and others},
	Institution              = {DUNE},
	Year                     = {2017},
	Number                   = {4559v12},
	Type                     = {DUNE document},
	Timestamp                = {2017.09.29}
}

@TechReport{2x2,
	Title                    = {{ProtoDUNE-ND: proposal to place the ArgonCube 2x2 Demonstrator on-axis in NuMI}},
	Author                   = {C. Wilkinson and others},
	Institution              = {DUNE},
	Year                     = {2019},
	Number                   = {12571},
	Type                     = {DUNE document},
	Timestamp                = {2019.01.18}
}

@TechReport{fnal_beam_2017,
	Title                    = {{Accelerator/ExperimentOperations - FY 2017}},
	Author                   = {M. Convery and others},
	Institution              = {Fermilab},
	Year                     = {2017},
	Number                   = {2664},
	Type                     = {FERMILAB-TM},	
	Timestamp                = {2017.10},
	Url                      = {http://programplanning.fnal.gov/wp-content/uploads/2017/12/AnnOpsSum2017_TM2664.pdf}
}

@article{pixels,
	author         = "Asaadi, J. and others",
	title          = "{First Demonstration of a Pixelated Charge Readout for
	Single-Phase Liquid Argon Time Projection Chambers}",
	year           = "2018",
	eprint         = "1801.08884",
	archivePrefix  = "arXiv",
	primaryClass   = "physics.ins-det",
	SLACcitation   = "%%CITATION = ARXIV:1801.08884;%%"
}

@article{arclight,
	author         = "Auger, M. and Chen, Y. and Ereditato, A. and Goeldi, D.
	and Kreslo, I. and Lorca, D. and Luethi, M. and Mettler,
	T. and Sinclair, J. R. and Weber, M. S.",
	title          = "{ArCLight—A Compact Dielectric Large-Area Photon
	Detector}",
	journal        = "Instruments",
	volume         = "2",
	year           = "2018",
	number         = "1",
	pages          = "3",
	doi            = "10.3390/instruments2010003",
	eprint         = "1711.11409",
	archivePrefix  = "arXiv",
	primaryClass   = "physics.ins-det",
	SLACcitation   = "%%CITATION = ARXIV:1711.11409;%%"
}

@article{larpix,
	author         = "Dwyer, D. A. and others",
	title          = "{LArPix: Demonstration of low-power 3D pixelated charge
	readout for liquid argon time projection chambers}",
	year           = "2018",
	eprint         = "1808.02969",
	archivePrefix  = "arXiv",
	primaryClass   = "physics.ins-det",
	SLACcitation   = "%%CITATION = ARXIV:1808.02969;%%"
}


@techreport{argoncube_loi,
      author        = "Amsler, C and others",
      title         = "{ArgonCube: a novel, fully-modular approach for the
                       realization of large-mass liquid argon TPC neutrino
                       detectors}",
      institution   = "CERN",
      collaboration = "ArgonCube Collaboration",
      address       = "Geneva",
      number        = "CERN-SPSC-2015-009. SPSC-I-243",
      month         = "Feb",
      year          = "2015",
      reportNumber  = "CERN-SPSC-2015-009",
      url           = "https://cds.cern.ch/record/1993255",
}


@article{DUNE_IDR_v1,
      author         = "Abi, B. and others",
      title          = "{The DUNE Far Detector Interim Design Report Volume 1:
                        Physics, Technology and Strategies}",
      collaboration  = "DUNE",
      year           = "2018",
      eprint         = "1807.10334",
      archivePrefix  = "arXiv",
      primaryClass   = "physics.ins-det",
      reportNumber   = "FERMILAB-DESIGN-2018-02",
      SLACcitation   = "%%CITATION = ARXIV:1807.10334;%%"
}


@article{DUNE_IDR_v2,
      author         = "Abi, B. and others",
      title          = "{The DUNE Far Detector Interim Design Report, Volume 2:
                        Single-Phase Module}",
      collaboration  = "DUNE",
      year           = "2018",
      eprint         = "1807.10327",
      archivePrefix  = "arXiv",
      primaryClass   = "physics.ins-det",
      reportNumber   = "FERMILAB-DESIGN-2018-03",
      SLACcitation   = "%%CITATION = ARXIV:1807.10327;%%"
}

@article{DUNE_IDR_v3,
      author         = "Abi, B. and others",
      title          = "{The DUNE Far Detector Interim Design Report, Volume 3:
                        Dual-Phase Module}",
      collaboration  = "DUNE",
      year           = "2018",
      eprint         = "1807.10340",
      archivePrefix  = "arXiv",
      primaryClass   = "physics.ins-det",
      reportNumber   = "FERMILAB-DESIGN-2018-04",
      SLACcitation   = "%%CITATION = ARXIV:1807.10340;%%"
}


@article{argontube_design,
	author         = "Ereditato, A. and Hsu, C. C. and Janos, S. and Kreslo, I.
	and Messina, M. and Rudolf von Rohr, C. and Rossi, B. and
	Strauss, T. and Weber, M. S. and Zeller, M.",
	title          = "{Design and operation of ARGONTUBE: a 5 m long drift liquid argon TPC}",
	journal        = "JINST",
	volume         = "8",
	year           = "2013",
	pages          = "P07002",
	doi            = "10.1088/1748-0221/8/07/P07002",
	eprint         = "1304.6961",
	archivePrefix  = "arXiv",
	primaryClass   = "physics.ins-det",
	SLACcitation   = "%%CITATION = ARXIV:1304.6961;%%"
}

@Article{art_cold_ero,
  Title                    = {{Performance of cryogenic charge readout electronics with the ARGONTUBE LAr TPC}},
  Author                   = {Ereditato, A. and others},
  Journal                  = {JINST},
  Year                     = {2014},
  Number                   = {11},
  Pages                    = {P11022},
  Volume                   = {9},

  Archiveprefix            = {arXiv},
  Doi                      = {10.1088/1748-0221/9/11/P11022},
  Eprint                   = {1408.7046},
  Primaryclass             = {physics.ins-det},
  Slaccitation             = {%%CITATION = ARXIV:1408.7046;%%}
}

@Article{argontube,
  Title                    = {First measurements with ARGONTUBE, a 5m long drift Liquid Argon TPC},
  Author                   = {M. Zeller and others},
  Journal                  = {Nuclear Instruments and Methods in Physics Research Section A: Accelerators, Spectrometers, Detectors and Associated Equipment},
  Year                     = {2013},
  Note                     = {Proceedings of the 12th Pisa Meeting on Advanced Detectors},
  Number                   = {Supplement C},
  Pages                    = {454 - 458},
  Volume                   = {718},

  Doi                      = {https://doi.org/10.1016/j.nima.2012.11.181},
  ISSN                     = {0168-9002},
  Keywords                 = {Time Projection Chamber (TPC), Liquid Argon, Large mass detectors, Neutrinos},
  Owner                    = {damian},
  Timestamp                = {2017.10.31},
  Url                      = {http://www.sciencedirect.com/science/article/pii/S0168900212015288}
}

@Article{pdg_g10,
	Title                    = {{Review of Particle Physics}},
	Author                   = {{Yao}, W.-M. and others},
	Journal                  = {{Journal of Physics G}},
	Year                     = {2006},
	Pages                    = {1+},
	Volume                   = {33},
	
	Url                      = {http://pdg.lbl.gov}
}

@article{Antonello:2015lea,
      author         = "Antonello, M. and others",
      title          = "{A Proposal for a Three Detector Short-Baseline Neutrino
                        Oscillation Program in the Fermilab Booster Neutrino
                        Beam}",
      collaboration  = "LAr1-ND, ICARUS-WA104, MicroBooNE",
      year           = "2015",
      eprint         = "1503.01520",
      archivePrefix  = "arXiv",
      primaryClass   = "physics.ins-det",
      SLACcitation   = "%%CITATION = ARXIV:1503.01520;%%"
}

@Article{icarus,
  Title                    = {Underground operation of the ICARUS T600 LAr-TPC: first results},
  Author                   = {C Rubbia and others},
  Journal                  = {Journal of Instrumentation},
  Year                     = {2011},
  Number                   = {07},
  Pages                    = {P07011},
  Volume                   = {6},
  Url                      = {http://stacks.iop.org/1748-0221/6/i=07/a=P07011}
}

@InProceedings{elizabeth2,
	Title                    = {{Normalization Uncertainty Requirements in Energy Bins}},
	Author                   = {Worcester, E.},
	Booktitle                = {DUNE Collaboration Meeting, LBL: with Sim/Reco and Near Detector},
	Year                     = {2017},
	Timestamp                = {2017.08.16},
	Url                      = {https://indico.fnal.gov/event/13293/session/7/contribution/71/material/slides/0.pdf}
}


@article{minerva-nim,
      author         = "Aliaga, L. and others",
      title          = "{Design, calibration, and performance of the {MINER$\nu$A}
                        detector}",
      collaboration  = "{MINER$\nu$A} Collaboration",
      journal        = "Nucl. Instrum. Meth.",
      volume         = "A743",
      pages          = "130-159",
      doi            = "10.1016/j.nima.2013.12.053",
      year           = "2014",
      eprint         = "1305.5199",
      archivePrefix  = "arXiv",
      primaryClass   = "physics.ins-det",
      reportNumber   = "FERMILAB-PUB-13-111-E",
      SLACcitation   = "%%CITATION = ARXIV:1305.5199;%%",
}

@Article{ t2k-fgd,
  title = "The {T2K} fine-grained detectors ",
  author = "Amaudruz, P. A. and others",
  journal = "Nuclear Instruments and Methods in Physics Research Section A:
Accelerators, Spectrometers, Detectors and Associated Equipment ",
  pages = "1--31",
  volume = "696",
  number = "0",
  year = "2012",
  issn = "0168-9002",
  note = "",
  url = "http://www.sciencedirect.com/science/article/pii/S0168900212008789",
  doi = "http://dx.doi.org/10.1016/j.nima.2012.08.020",
}

@Article{t2k-ingrid,
 author        = "K. Abe and others",
 title         = "Measurements of the T2K neutrino beam properties using the INGRID on-axis near detector",
 collaboration = "T2K Collaboration", 
 journal       = "Nucl. Instrum. Meth.",
 volume        = "A694",
 pages         = "211-223",
 year          = "2012",
 eprint        = "1111.3119",
 archivePrefix = "arXiv",
 primaryClass  = "physics",
}

@Article{nova,
title = "{NO$\nu$A} proposal to build a 30 kiloton off-axis detector to study neutrino oscillations in the {F}ermilab {NuMI} beamline",
author = "Ayres, D. and others",
year = "2005",
journal = "",
note = "Available at \url{hep-ex/0503053v1}",
archivePrefix = "arXiv",
}

@Article{argoncube_fd,
title = "A Concept for the Fourth DUNE Far Detector Module",
author = "M. Auger and others",
Institution = {DUNE},
Year        = {2018},
Number      = {XXXX},
Type        = {DUNE document},
Timestamp   = {2018.XX.XX}
}

@Article{pandora,
	Title     = {{The Pandora multi-algorithm approach to automated pattern recognition of cosmic-ray muon and neutrino events in the MicroBooNE detector}},
	Author    = {Acciarri, R. and others},
	Journal   = {The European Physical Journal C},
	Year      = {2018},	
	Month     = {Jan},
	Number    = {1},
	Pages     = {82},
	Volume    = {78},
	Day       = {29},
	Doi       = {10.1140/epjc/s10052-017-5481-6},
	ISSN      = {1434-6052},
	Url       = {https://doi.org/10.1140/epjc/s10052-017-5481-6}
}

@Article{CRT,
  Title                    = {{A Novel Cosmic Ray Tagger System for Liquid Argon TPC Neutrino Detectors}},
  Author                   = {Auger, M. and others},
  Journal                  = {Instruments},
  Year                     = {2017},
  Number                   = {1},
  Pages                    = {2},
  Volume                   = {1},

  Archiveprefix            = {arXiv},
  Doi                      = {10.3390/instruments1010002},
  Eprint                   = {1612.04614},
  Primaryclass             = {physics.ins-det},
  Reportnumber             = {FERMILAB-PUB-16-663-CD},
  Slaccitation             = {%%CITATION = ARXIV:1612.04614;%%}
}

@Article{microboone,
 author        = "R. Acciarri and others",
 collaboration = "MicroBooNE",
 title         = "Design and Construction of the MicroBooNE Detector",
 journal       = "JINST",
 volume        = "12",
 pages         = "P02017",
 year          = "2017",
 eprint        = "1612.05824",
 archivePrefix = "arXiv",
 primaryclass = "physics",
}

@article{lariat,
      author         = "Cavanna, F. and Kordosky, M. and Raaf, J. and Rebel, B.",
      title          = "{LArIAT: Liquid Argon In A Testbeam}",
      collaboration  = "LArIAT",
      year           = "2014",
      eprint         = "1406.5560",
      archivePrefix  = "arXiv",
      primaryClass   = "physics.ins-det",
      reportNumber   = "FERMILAB-PUB-14-268-E",
      SLACcitation   = "%%CITATION = ARXIV:1406.5560;%%"
}

@article{pdg_2018,
  title = {Review of Particle Physics},
  author = {Tanabashi, M. and others},
  collaboration = {Particle Data Group},
  journal = {Phys. Rev. D},
  volume = {98},
  issue = {3},
  pages = {030001},
  numpages = {1898},
  year = {2018},
  month = {Aug},
  publisher = {American Physical Society},
  doi = {10.1103/PhysRevD.98.030001},
  url = {https://link.aps.org/doi/10.1103/PhysRevD.98.030001}
}

@article{Ereditato:2014lra,
      author         = "Ereditato, A. and Kreslo, I. and Lüthi, M. and Rudolf
                        von Rohr, C. and Schenk, M. and Strauss, Thomas and Weber,
                        M. and Zeller, M.",
      title          = "{A steerable UV laser system for the calibration of
                        liquid argon time projection chambers}",
      journal        = "JINST",
      volume         = "9",
      year           = "2014",
      number         = "11",
      pages          = "T11007",
      doi            = "10.1088/1748-0221/9/11/T11007",
      eprint         = "1406.6400",
      archivePrefix  = "arXiv",
      primaryClass   = "physics.ins-det",
      SLACcitation   = "%%CITATION = ARXIV:1406.6400;%%"
}
